<record><leader>00000cas a22000007a 4500</leader><controlfield tag="001">27095611</controlfield><controlfield tag="008">921210d19291942maumr ne      0    0eng d</controlfield><datafield ind1=" " ind2=" " tag="010"><subfield code="a">sn 92060606 </subfield></datafield><datafield ind1=" " ind2=" " tag="040"><subfield code="a">YOX</subfield><subfield code="b">eng</subfield><subfield code="c">YOX</subfield><subfield code="d">MGN</subfield><subfield code="d">CNW</subfield><subfield code="d">OCLCQ</subfield><subfield code="d">OCLCF</subfield><subfield code="d">OCLCO</subfield></datafield><datafield ind1="1" ind2=" " tag="029"><subfield code="a">AU@</subfield><subfield code="b">000020717507</subfield></datafield><datafield ind1=" " ind2=" " tag="042"><subfield code="a">msc</subfield></datafield><datafield ind1=" " ind2=" " tag="043"><subfield code="a">n-us-ma</subfield></datafield><datafield ind1="0" ind2=" " tag="130"><subfield code="a">Jewish ledger (Springfield, Mass. : Springfield ed.)</subfield></datafield><datafield ind1="1" ind2="4" tag="245"><subfield code="a">The Jewish ledger.</subfield></datafield><datafield ind1="1" ind2="3" tag="246"><subfield code="a">Springfield Jewish ledger</subfield></datafield><datafield ind1=" " ind2=" " tag="250"><subfield code="a">Springfield ed.</subfield></datafield><datafield ind1=" " ind2=" " tag="260"><subfield code="a">Springfield, Mass. :</subfield><subfield code="b">Jewish Ledger Pub. Co.</subfield></datafield><datafield ind1=" " ind2=" " tag="300"><subfield code="a">v.</subfield></datafield><datafield ind1=" " ind2=" " tag="310"><subfield code="a">Monthly</subfield></datafield><datafield ind1="0" ind2=" " tag="362"><subfield code="a">Vol. 1, no. 1 (Apr. 18, 1929)-</subfield></datafield><datafield ind1="1" ind2=" " tag="362"><subfield code="a">Ceased in Apr. 1942.</subfield></datafield><datafield ind1=" " ind2=" " tag="500"><subfield code="a">Published in Middletown, Conn., Jan. 1933-Oct. 1933 and Hartford, Conn., Oct. 1933-1942.</subfield></datafield><datafield ind1=" " ind2=" " tag="530"><subfield code="a">Available on microfilm from American Jewish Periodical Center.</subfield></datafield><datafield ind1=" " ind2=" " tag="580"><subfield code="a">Merged with Hartford and New Haven eds. to form combined ed.</subfield></datafield><datafield ind1=" " ind2="0" tag="650"><subfield code="a">Jewish newspapers</subfield><subfield code="z">Massachusetts.</subfield></datafield><datafield ind1=" " ind2="4" tag="651"><subfield code="a">Springfield (Mass.)</subfield><subfield code="v">Newspapers.</subfield></datafield><datafield ind1=" " ind2="7" tag="650"><subfield code="a">Jewish newspapers.</subfield><subfield code="2">fast</subfield><subfield code="0">(OCoLC)fst00982872</subfield></datafield><datafield ind1=" " ind2="7" tag="651"><subfield code="a">Massachusetts.</subfield><subfield code="2">fast</subfield><subfield code="0">(OCoLC)fst01204307</subfield></datafield><datafield ind1=" " ind2=" " tag="752"><subfield code="a">United States</subfield><subfield code="b">Connecticut</subfield><subfield code="c">Hartford</subfield><subfield code="d">Hartford.</subfield></datafield><datafield ind1="1" ind2="7" tag="785"><subfield code="t">Jewish ledger (Springfield, Mass. : Hartford ed.)</subfield><subfield code="w">(DLC)sn 89070131</subfield><subfield code="w">(OCoLC)4948414</subfield></datafield><datafield ind1="1" ind2="7" tag="785"><subfield code="t">Jewish ledger (Springfield, Mass. : New Haven ed.)</subfield><subfield code="w">(DLC)sn 93054085</subfield></datafield><datafield ind1="1" ind2="7" tag="785"><subfield code="t">Jewish ledger (Hartford, Conn. : 1942)</subfield><subfield code="w">(DLC)sn 93054086</subfield></datafield></record>